<?xml version="1.0" encoding="UTF-8"?><record xmlns="http://www.loc.gov/MARC21/slim" xmlns:cinclude="http://apache.org/cocoon/include/1.0" xmlns:zs="http://www.loc.gov/zing/srw/">
  <leader>00353nz  a2200133n  4500</leader>
  <controlfield tag="001">no2006085555</controlfield>
  <controlfield tag="003">DLC</controlfield>
  <controlfield tag="005">20060818051837.0</controlfield>
  <controlfield tag="008">060817n| acannaabn          |n aaa     c</controlfield>
  <datafield tag="010" ind1=" " ind2=" ">
    <subfield code="a">no2006085555</subfield>
  </datafield>
  <datafield tag="035" ind1=" " ind2=" ">
    <subfield code="a">(OCoLC)oca07024070</subfield>
  </datafield>
  <datafield tag="040" ind1=" " ind2=" ">
    <subfield code="a">SaStU</subfield>
    <subfield code="b">eng</subfield>
    <subfield code="c">SaStU</subfield>
  </datafield>
  <datafield tag="100" ind1="1" ind2=" ">
    <subfield code="a">Toerien, M. F.</subfield>
  </datafield>
  <datafield tag="670" ind1=" " ind2=" ">
    <subfield code="a">Eerste Afrikaanse grappebundel, 1925:</subfield>
    <subfield code="b">t.p. (M.F. Toerien)</subfield>
  </datafield>
</record>